@TechReport{clusterdata:Reiss2011,
  author = {Charles Reiss and John Wilkes and Joseph L. Hellerstein},
  title = {{Google} cluster-usage traces: format + schema},
  institution = {Google Inc.},
  year = 2011,
  month = Nov,
  type = {Technical Report},
  address = {Mountain View, CA, USA},
  note = {Revised 2014-11-17 for version 2.1.  Posted at
	\url{https://github.com/google/cluster-data}},
}

@article{albert1999diameter,
  title={Diameter of the world-wide web},
  author={Albert, R{\'e}ka and Jeong, Hawoong and Barab{\'a}si, Albert-L{\'a}szl{\'o}},
  journal={nature},
  volume={401},
  number={6749},
  pages={130--131},
  year={1999},
  publisher={Nature Publishing Group}
}

@book{sutton1998,
    title={Introduction to reinforcement learning},
    author={Sutton, Richard S and Barto, Andrew G},
    volume={135},
    year={1998},
    publisher={MIT press Cambridge}
}

@book{dp-control,
author = {Bertsekas, Dimitri P.},
title = {Dynamic Programming and Optimal Control},
year = {2000},
isbn = {1886529094},
publisher = {Athena Scientific},
edition = {2nd}
}

@article{Little1961,
    author={Little, John D. C.},
    title={A Proof for the Queuing Formula: L = {$\lambda$}W},
    journal={Oper. Res.},
    issue_date={June 1961},
    volume={9},
    number={3},
    month=jun,
    year={1961},
    issn={0030-364X},
    pages={383--387},
    numpages={5},
    doi={10.1287/opre.9.3.383},
    acmid={2772699},
    publisher={INFORMS},
    address={Institute for Operations Research and the Management Sciences (INFORMS), Linthicum, Maryland, USA}
}

@ARTICLE{mdp-jcin,
  author={B. {Lyu} and Y. {Hong} and H. {Tan} and Z. {Han} and R. {Wang}},
  journal={Journal of Communications and Information Networks}, 
  title={Cooperative Jobs Dispatching in Edge Computing Network with Unpredictable Uploading Delay}, 
  year={2020},
  volume={5},
  number={1},
  pages={75-85},
}
@INPROCEEDINGS{mdp-globecom,
author={S. {Huang} and B. {Lv} and R. {Wang}},
booktitle={2019 IEEE Global Communications Conference (GLOBECOM)},
title={MDP-Based Scheduling Design for Mobile-Edge Computing Systems with Random User Arrival},
year={2019},
volume={},
number={},
pages={1-6},
}
@ARTICLE{mdp-tvt,
  author={S. {Huang} and B. {Lv} and R. {Wang} and K. {Huang}},
  journal={IEEE Transactions on Vehicular Technology}, 
  title={Scheduling for Mobile Edge Computing with Random User Arrivals â€” An Approximate MDP and Reinforcement Learning Approach}, 
  year={2020},
  volume={},
  number={},
  pages={1-1},
}

@INPROCEEDINGS{mdp-bound1,
    author={Z. {Han} and H. {Tan} and G. {Chen} and R. {Wang} and Y. {Chen} and F. C. M. {Lau}}, 
    booktitle={IEEE INFOCOM 2016 - The 35th Annual IEEE International Conference on Computer Communications},
    title={Dynamic virtual machine management via approximate Markov decision process},
    year={2016},
    volume={},
    number={},
    pages={1-9},
}
@ARTICLE{mdp-bound2,
  author={B. {Lv} and L. {Huang} and R. {Wang}},
  journal={IEEE Transactions on Communications}, 
  title={Joint Downlink Scheduling for File Placement and Delivery in Cache-Assisted Wireless Networks With Finite File Lifetime}, 
  year={2019},
  volume={67},
  number={6},
  pages={4177-4192},
}
@INPROCEEDINGS{mdp-bound3,
  author={Z. {Han} and H. {Tan} and R. {Wang} and S. {Tang} and F. C. M. {Lau}},
  booktitle={IEEE INFOCOM 2018 - IEEE Conference on Computer Communications}, 
  title={Online Learning based Uplink Scheduling in HetNets with Limited Backhaul Capacity}, 
  year={2018},
  volume={},
  number={},
  pages={2348-2356},
}

@INPROCEEDINGS{tan-online,
author={H. {Tan} and Z. {Han} and X. {Li} and F. C. M. {Lau}},
booktitle={IEEE INFOCOM 2017 - IEEE Conference on Computer Communications},
title={Online job dispatching and scheduling in edge-clouds},
year={2017},
volume={},
number={},
pages={1-9},
keywords={cloud computing;mobile computing;telecommunication scheduling;upload delays;download delays;OnDisc;speed augmentation model;distributed systems;edge servers;edge-cloud computing;scheduling algorithm;online job dispatching;total weighted response time;mobile devices;job response time;edge-cloud systems;Servers;Cloud computing;Mobile handsets;Algorithm design and analysis;Dispatching;Time factors;Mobile communication},
doi={10.1109/INFOCOM.2017.8057116},
ISSN={null},
month={May},
}

@ARTICLE{MEC-SURVEY,
    author={P. {Porambage} and J. {Okwuibe} and M. {Liyanage} and M. {Ylianttila} and T. {Taleb}},
    journal={IEEE Communications Surveys Tutorials},
    title={Survey on Multi-Access Edge Computing for Internet of Things Realization},
    year={2018},
    volume={20},
    number={4},
    pages={2961-2991},
    keywords={5G mobile communication;Big Data;cloud computing;data analysis;Internet of Things;internetworking;multi-access systems;radio access networks;health care;dense geographical distribution;quality of service;low-latency access;industrial automations;smart cities;Big Data analytics;fifth generation wireless communication systems;Internet of Things realization;experimental technology;multiaccess edge computing;integration technologies;MEC technology;IoT applications;network edge;gateway services;cloud platform;radio network resources;radio access network;cloud computing capabilities;intelligent data analytics;IoT technologies;service sector businesses;Cloud computing;Edge computing;Internet of Things;5G mobile communication;Virtualization;Computer architecture;Multi-access edge computing (MEC);Internet of Things (IoT);5G;edge computing;virtualization;network architecture;latency;reliability},
    doi={10.1109/COMST.2018.2849509},
    ISSN={2373-745X},
    month={Fourthquarter},
}

%NOTE: radio and computing resource allocation for network slices on edge servers;
    Highlight: multi-to-multi
    Weakness: 
@inproceedings{MOBIHOC19-LiuQ,
    author = {Liu, Qiang and Han, Tao},
    title = {DIRECT: Distributed Cross-Domain Resource Orchestration in Cellular Edge Computing},
    booktitle = {the Twentieth ACM International Symposium on Mobile Ad Hoc Networking and Computing},
    series = {Mobihoc '19},
    year = {2019},
    isbn = {978-1-4503-6764-6},
    location = {Catania, Italy},
    pages = {181--190},
    numpages = {10},
    doi = {10.1145/3323679.3326516},
    acmid = {3326516},
    publisher = {ACM},
    address = {New York, NY, USA},
    keywords = {Edge Computing, Network Slicing, Radio Access Networks},
}

%NOTE: local computing or offloading, and determine which server to offload
%      Highlight: minimize the long-term time-averaged power consumption with dealine aware;
%      Weakneess: centralized, stationary
@ARTICLE{TOC19-LiuC,
    author={C. {Liu} and M. {Bennis} and M. {Debbah} and H. V. {Poor}},
    journal={IEEE Transactions on Communications},
    title={Dynamic Task Offloading and Resource Allocation for Ultra-Reliable Low-Latency Edge Computing},
    year={2019},
    volume={67},
    number={6},
    pages={4132-4150},
    keywords={optimisation;probability;queueing theory;resource allocation;statistical analysis;telecommunication computing;telecommunication network reliability;wireless channels;average-based metrics;mission-critical applications;probabilistic constraints;statistical constraints;task queue lengths;extreme value theory;wireless channel dynamics;MEC servers;user-server association policy;matching theory;dynamic task offloading;resource allocation policy;computation-intense applications;mobile edge computing;MEC system design;task computation;proximal server accessment;ultrareliable low-latency edge computing;power consumption;Lyapunov optimization;two-timescale mechanism;Task analysis;Servers;Delays;Resource management;Edge computing;Optimization;5G and beyond;mobile edge computing (MEC);fog networking and computing;ultra-reliable low latency communications (URLLC);extreme value theory},
    doi={10.1109/TCOMM.2019.2898573},
    ISSN={1558-0857},
    month={June},
}

%NOTE: service migration
@article{TON19-WangSq,
    author = {Wang, Shiqiang and Urgaonkar, Rahul and Zafer, Murtaza and He, Ting and Chan, Kevin and Leung, Kin K.},
    title = {Dynamic Service Migration in Mobile Edge Computing Based on Markov Decision Process},
    journal = {IEEE/ACM Transactions on Networking},
    issue_date = {June 2019},
    volume = {27},
    number = {3},
    month = jun,
    year = {2019},
    issn = {1063-6692},
    pages = {1272--1288},
    numpages = {17},
    doi = {10.1109/TNET.2019.2916577},
    acmid = {3345698},
    publisher = {IEEE Press},
    address = {Piscataway, NJ, USA},
}

%NOTE: Centralized Dispatching and Scheduling

% Weakness: all jobs firstly to one dispatching servers, avoidable transmission;
@ARTICLE{IOTJ19-CaoJ,
author={J. {Cao} and L. {Yang} and J. {Cao}},
journal={IEEE Internet of Things Journal},
title={Revisiting Computation Partitioning in Future 5G-Based Edge Computing Environments},
year={2019},
volume={6},
number={2},
pages={2427-2438},
keywords={5G mobile communication;distributed processing;mobile computing;traditional partitioning approaches;local computation cost;constrained computation capability;computational resources;computation partitioning;mobile cloud computing;5G-based edge computing environments;offline solution;Task analysis;Servers;Computational modeling;Mobile handsets;Edge computing;5G mobile communication;Cloud computing;Computation partitioning;edge computing;task dispatching;task scheduling},
doi={10.1109/JIOT.2018.2869750},
ISSN={2372-2541},
month={April},}

% Weakness: multi-to-multi, dealine-aware, wireless transmission with fixed computation rate
@ARTICLE{JSAC19-AlameddineHA,
    author={H. A. {Alameddine} and S. {Sharafeddine} and S. {Sebbah} and S. {Ayoubi} and C. {Assi}},
    journal={IEEE Journal on Selected Areas in Communications},
    title={Dynamic Task Offloading and Scheduling for Low-Latency IoT Services in Multi-Access Edge Computing},
    year={2019},
    volume={37},
    number={3},
    pages={668-682},
    keywords={5G mobile communication;cloud computing;integer programming;Internet of Things;mobile computing;resource allocation;scheduling;scheduling problem;dynamic task offloading;logic-based benders decomposition;Internet-of-things devices;computing resource allocation;application assignment;edge servers;MEC servers;latency sensitive services;multiaccess edge computing;low-latency IoT services;Task analysis;Resource management;Internet of Things;Servers;Edge computing;Dynamic scheduling;Job shop scheduling;Multi-access edge computing;Internet of Things;5G;task offloading;resource allocation;scheduling},
    doi={10.1109/JSAC.2019.2894306},
    ISSN={1558-0008},
    month={March},
}

@ARTICLE{TVT19-WangY,
author={Y. {Wang} and X. {Tao} and X. {Zhang} and P. {Zhang} and Y. T. {Hou}},
journal={IEEE Transactions on Vehicular Technology},
title={Cooperative Task Offloading in Three-Tier Mobile Computing Networks: An ADMM Framework},
year={2019},
volume={68},
number={3},
pages={2763-2776},
keywords={cloud computing;integer programming;mobile computing;nonlinear programming;resource allocation;remote cloud server;three-tier computing network;edge nodes;cloud servers;offloading decision;computation resource allocation;average task duration subject;large-scale mixed integer nonlinear optimization problem;parallel optimization framework;vertical computation cooperations;horizontal computation cooperations;task offloading;three-tier mobile computing network;ADMM framework;edge computing;offloading scheme;network parameters;alternating direction method of multipliers;Task analysis;Servers;Resource management;Cloud computing;Optimization;Complexity theory;Energy consumption;Cooperative task offloading;mobile edge computing;cloud computing;ADMM;wireless network},
doi={10.1109/TVT.2019.2892176},
ISSN={1939-9359},
month={March},
}

@INPROCEEDINGS{MASS18-MengZ,
author={Z. {Meng} and H. {Xu} and L. {Huang} and P. {Xi} and S. {Yang}},
booktitle={2018 IEEE 15th International Conference on Mobile Ad Hoc and Sensor Systems (MASS)},
title={Achieving Energy Efficiency Through Dynamic Computing Offloading in Mobile Edge-Clouds},
year={2018},
volume={},
number={},
pages={175-183},
keywords={cloud computing;computational complexity;energy conservation;mobile computing;optimisation;probability;mobile edge-clouds;mobile devices;computation capacity;dynamic computing offloading problem;maximum energy consumption;offline case;online case;minimum edge-server capacity;mobile applications;mobile edge-computing network;energy efficiency;delay-sensitive applications;tradeoff optimization;task completion latency;DCL problem;MEC network;RMCL algorithm;probability;OMCL;small-scale system;Task analysis;Mobile handsets;Energy consumption;Servers;Delays;Computational modeling;Batteries;Edge-computing;mobile edge computing;offloading;energy efficiency},
doi={10.1109/MASS.2018.00038},
ISSN={2155-6806},
month={Oct},
}

@INPROCEEDINGS{CloudCom18-Cicconetti,
author={C. {Cicconetti} and M. {Conti} and A. {Passarella}},
booktitle={2018 IEEE International Conference on Cloud Computing Technology and Science (CloudCom)},
title={An Architectural Framework for Serverless Edge Computing: Design and Emulation Tools},
year={2018},
volume={},
number={},
pages={48-55},
keywords={distributed algorithms;mobile computing;software defined networking;telecommunication network routing;software defined networking-enabled edge computing domain;distributed algorithms;serverless model;specific edge devices;mobile nodes;lambda functions;stateless computations;dynamic allocation;processing capabilities;networking devices;SDN;serverless edge computing;architectural framework;Edge computing;Computer architecture;Performance evaluation;Emulation;Servers;Optimization;Face;edge computing;software defined networking;serverless computing;computation delegation},
doi={10.1109/CloudCom2018.2018.00024},
ISSN={2330-2186},
month={Dec},
}

% Weakness:
@article{Fan2017,
abstract = {Mobile edge computing (MEC) can augment the computation capabilities of mobile terminals (MTs) through offloading the computational tasks from the MTs to the MEC-enabled base station (MEC-BS) covering them. However, the load of MEC-BS will rise as the increase of the scale of tasks. Existing schemes try to alleviate the load of MEC-BS through refusing, postponing, or queuing the offloading requests of the MTs; thus, the users' QoS will largely deteriorate due to service interruption and prolonged waiting and execution time. In this paper, we investigate the cooperations of multiple MEC-BSs and propose a novel scheme to enhance the computation offloading service of an MEC-BS through further offloading the extra tasks to other MEC-BSs connected to it. An optimization algorithm is proposed to efficiently solve the optimization problem which maximizes the total benefits of time and energy consumptions gained by all the MTs covered by the MEC-BS. A balance factor is used to flexibly adjust the bias of optimization between minimizations of time and energy consumption. Extensive simulations are carried out in eight different scenarios, and the results demonstrate that our scheme can largely enhance the system performance, and it outperforms the reference scheme in all scenarios.},
author = {Fan, Wenhao and Liu, Yuanan and Tang, Bihua and Wu, Fan and Wang, Zhongbao},
doi = {10.1109/ACCESS.2017.2787737},
file = {:E$\backslash$:/TODAY/Semi-Online/another-collection/08241344.pdf:pdf},
issn = {21693536},
journal = {IEEE Access},
keywords = {Computation offloading,mobile edge computing,optimization,resource management},
pages = {22622--22633},
title = {{Computation Offloading Based on Cooperations of Mobile Edge Computing-Enabled Base Stations}},
volume = {6},
year = {2017}
}

%NOTE: Decentralized Dispatching and Scheduling

% Weakness: selfish decentralized
@ARTICLE{TMC19-JosiloS,
    author={S. {JoÅ¡ilo} and G. {DÃ¡n}},
    journal={IEEE Transactions on Mobile Computing},
    title={Selfish Decentralized Computation Offloading for Mobile Cloud Computing in Dense Wireless Networks},
    year={2019},
    volume={18},
    number={1},
    pages={207-220},
    keywords={approximation theory;cloud computing;computational complexity;game theory;mobile computing;cloud computing;mobile edge computing;time complexity;approximation ratio;upper bound;game theoretical analysis;decentralized algorithms;pure strategy Nash equilibria;computation costs;individual mobile devices;selfish mobile devices;computation capabilities;dense wireless network;mobile cloud computing;selfish decentralized computation offloading;Cloud computing;Task analysis;Mobile handsets;Computational modeling;Energy consumption;Servers;Time factors;Computation offloading;mobile edge computing;Nash equilibria;decentralized algorithms},
    doi={10.1109/TMC.2018.2829874},
    ISSN={2161-9875},
    month={Jan},
}

%NOTE: Stale-information based Scheduling
% Weakness: though selfish devices, not sharing same utility function
@ARTICLE{JSAC17-LyuX,
    author={X. {Lyu} and W. {Ni} and H. {Tian} and R. P. {Liu} and X. {Wang} and G. B. {Giannakis} and A. {Paulraj}},
    journal={IEEE Journal on Selected Areas in Communications},
    title={Optimal Schedule of Mobile Edge Computing for Internet of Things Using Partial Information},
    year={2017},
    volume={35},
    number={11},
    pages={2606-2615},
    keywords={approximation theory;computational complexity;feedback;Internet of Things;knapsack problems;Lyapunov methods;mobile computing;optimisation;resource allocation;stochastic processes;telecommunication scheduling;wireless channels;optimal schedule;mobile edge computing;inexpensive simple devices;stochastic task arrivals;congested air interface;prohibitive feedbacks;asymptotically optimal schedules;out-of-date network knowledge;network utility;knapsack problem;out-of-date network states;up-to-date network knowledge;asymptotic optimality;IoT devices;Schedules;Knowledge engineering;Servers;Optimal scheduling;Wireless communication;Mobile edge computing;Internet of Things;partial information;Lyapunov optimization},
    doi={10.1109/JSAC.2017.2760186},
    ISSN={1558-0008},
    month={Nov},
}
% Weakness: stale but ignorable (why?stationary decisions!), partial but continuous
@ARTICLE{TWC18-LyuX,
author={X. {Lyu} and W. {Ni} and H. {Tian} and R. P. {Liu} and X. {Wang} and G. B. {Giannakis} and A. {Paulraj}},
journal={IEEE Transactions on Wireless Communications},
title={Distributed Online Optimization of Fog Computing for Selfish Devices With Out-of-Date Information},
year={2018},
volume={17},
number={11},
pages={7704-7717},
keywords={computational complexity;delay tolerant networks;distributed processing;optimisation;peer-to-peer computing;radio networks;telecommunication scheduling;telecommunication signalling;task offloading scheduling;task processing scheduling;time complexity;time average energy consumption;multihop delays;fully distributed fashion;asymptotic optimality;tit-for-tat incentives;time slot;tit-for-tat mechanism;N selfish devices;outdated network knowledge;multihop signaling delays;selfish behaviors;distributed wireless networks;out-of-date information;fog computing;distributed online optimization;Task analysis;Edge computing;Delays;Optimization;Computational modeling;Energy consumption;Mobile handsets;Distributed fog computing;selfish devices;out-of-date information;Lyapunov optimization},
doi={10.1109/TWC.2018.2869764},
ISSN={1558-2248},
month={Nov},
}

%NOTE: MAN Support
@inproceedings{MOBIHOC19-ZhouZ,
    author = {Zhou, Zhi and Chen, Xu and Wu, Weigang and Wu, Di and Zhang, Junshan},
    title = {Predictive Online Server Provisioning for Cost-Efficient IoT Data Streaming Across Collaborative Edges},
    booktitle = {the Twentieth ACM International Symposium on Mobile Ad Hoc Networking and Computing (Mobihoc '19)},
    year = {2019},
    isbn = {978-1-4503-6764-6},
    location = {Catania, Italy},
    pages = {321--330},
    numpages = {10},
    doi = {10.1145/3323679.3326530},
    acmid = {3326530},
    publisher = {ACM},
    address = {New York, NY, USA},
    keywords = {Edge computing, IoT data streaming, online learning, online optimization, server provisioning},
}

@ARTICLE{IOTJ18-FanQ,
    author={Q. {Fan} and N. {Ansari}},
    journal={IEEE Internet of Things Journal},
    title={Application Aware Workload Allocation for Edge Computing-Based IoT},
    year={2018},
    volume={5},
    number={3},
    pages={2146-2153},
    keywords={cloud computing;distributed processing;Internet of Things;resource allocation;virtual machines;nearby cloudlets;core network;response time;IoT users;mobile networks;network delay;computing delay;application aware workload allocation scheme;IoT application requests;destination cloudlets;IoT user;computing resources;lightly loaded cloudlets;network edge;Internet of Things devices;traffic load;user equipment;virtual machine;edge computing-based IoT;Cloud computing;Delays;Time factors;Internet of Things;Resource management;Edge computing;Quality of service;Cloudlet;edge computing;Internet of Things (IoT);resource allocation;workload allocation},
    doi={10.1109/JIOT.2018.2826006},
    ISSN={2372-2541},
    month={June},
}

%NOTE: Exponential Queue Departure
@ARTICLE{TOWC18-HuangKb,
    author={S. {Ko} and K. {Han} and K. {Huang}},
    journal={IEEE Transactions on Wireless Communications},
    title={Wireless Networks for Mobile Edge Computing: Spatial Modeling and Latency Analysis},
    year={2018},
    volume={17},
    number={8},
    pages={5225-5240},
    keywords={mobile computing;mobile radio;quality of service;queueing theory;radio access networks;stochastic processes;telecommunication computing;spatial random network;random node distribution;random computation-task generation;network constraints;network-load parameters;task-generation rates;network-resource parameters;CS computation rate;parallel computing;network connectivity;network stability;planning;cascaded radio access network;CS network;next-generation wireless networks;network edge;computation intensive tasks;edge device;access point;computer server;MEC network;network-constrained latency performance;radio-access connectivity;CS stability;mobile edge computing;Computational modeling;Servers;Stochastic processes;Task analysis;Geometry;Parallel processing;Wireless communication;Mobile edge computing;computation offloading;radio access networks;parallel computing;multiple access;stochastic geometry;queueing},
    doi={10.1109/TWC.2018.2840120},
    ISSN={1558-2248},
    month={Aug},
}

%NOTE: DEC-POMDP
% R.Nair, 2003
@inproceedings{IJCAI03-NairR,
    author = {Nair, R. and Tambe, M. and Yokoo, M. and Pynadath, D. and Marsella, S.},
    title = {Taming Decentralized POMDPs: Towards Efficient Policy Computation for Multiagent Settings},
    booktitle = {the 18th International Joint Conference on Artificial Intelligence},
    series = {IJCAI'03},
    year = {2003},
    location = {Acapulco, Mexico},
    pages = {705--711},
    numpages = {7},
    acmid = {1630762},
    publisher = {Morgan Kaufmann Publishers Inc.},
    address = {San Francisco, CA, USA},
}
% Craig Boutilie, 1999
@inproceedings{IJCAI99-BoutilierC,
    author = {Boutilier, Craig},
    title = {Sequential Optimality and Coordination in Multiagent Systems},
    booktitle = {the 16th International Joint Conference on Artifical Intelligence - Volume 1},
    series = {IJCAI'99},
    year = {1999},
    location = {Stockholm, Sweden},
    pages = {478--485},
    numpages = {8},
    acmid = {1624287},
    publisher = {Morgan Kaufmann Publishers Inc.},
    address = {San Francisco, CA, USA},
}

%NOTE: service migration is impractical support
@INPROCEEDINGS{INFOCOM19-WuC,
    author={Y. {Bao} and Y. {Peng} and C. {Wu}},
    booktitle={IEEE INFOCOM 2019 - IEEE Conference on Computer Communications},
    title={Deep Learning-based Job Placement in Distributed Machine Learning Clusters},
    year={2019},
    volume={},
    number={},
    pages={505-513},
    keywords={cluster computing;interference suppression;learning (artificial intelligence);processor scheduling;distributed machine learning clusters;production machine learning clusters;speech recognition;machine translation;resource utilization;co-located ML jobs;cluster schedulers;interference-oblivious;suboptimal resource efficiency;interference-aware job placement;Harmony;deep learning-driven ML cluster scheduler;training completion time;DRL;reward modeling;job-aware action space exploration;experience replay;auxiliary reward prediction model;unseen placement;ML workloads;Kubernetes cluster;average job completion time;performance downgrade;deep reinforcement learning framework;placement decisions;actor-critic algorithm;Training;Servers;Interference;Graphics processing units;Computational modeling;Machine learning;Resource management},
    doi={10.1109/INFOCOM.2019.8737460},
    ISSN={0743-166X},
    month={April},
}

@inproceedings{MAN-LATENCY,
    author = {Gember, Aaron and Akella, Aditya and Pang, Jeffrey and Varshavsky, Alexander and Caceres, Ramon},
    title = {Obtaining In-context Measurements of Cellular Network Performance},
    booktitle = {2012 Internet Measurement Conference},
    series = {IMC '12},
    year = {2012},
    isbn = {978-1-4503-1705-4},
    location = {Boston, Massachusetts, USA},
    pages = {287--300},
    numpages = {14},
    doi = {10.1145/2398776.2398807},
    acmid = {2398807},
    publisher = {ACM},
    address = {New York, NY, USA},
    keywords = {active measurement, cellular network performance, device context},
}


@ARTICLE{ToN-Xuchen2016, 
	author={X. {Chen} and L. {Jiao} and W. {Li} and X. {Fu}}, 
	journal={IEEE/ACM Transactions on Networking}, 
	title={Efficient Multi-User Computation Offloading for Mobile-Edge Cloud Computing}, 
	year={2016}, 
	volume={24}, 
	number={5}, 
	pages={2795-2808}, 
	keywords={cloud computing;computational complexity;game theory;mobile computing;radio access networks;mobile-edge cloud computing;multiuser computation offloading problem;pervasive radio access networks;multichannel wireless interference environment;NP-hard;game theory;distributed computation offloading decision making problem;multiuser computation offloading game;Nash equilibrium;finite improvement property;convergence time;efficiency ratio;Cloud computing;Mobile handsets;Wireless communication;Mobile communication;Games;Computational modeling;Decision making;Computation offloading;game theory;mobile-edge cloud computing;Nash equilibrium}, 
	doi={10.1109/TNET.2015.2487344}, 
	ISSN={1558-2566}, 
	month={October},
}

@ARTICLE{ToN-xujie2018, 
	author={L. {Chen} and S. {Zhou} and J. {Xu}}, 
	journal={IEEE/ACM Transactions on Networking}, 
	title={Computation Peer Offloading for Energy-Constrained Mobile Edge Computing in Small-Cell Networks}, 
	year={2018}, 
	volume={26}, 
	number={4}, 
	pages={1619-1632}, 
	keywords={cellular radio;cloud computing;decision making;distributed processing;game theory;Internet of Things;mobile computing;peer-to-peer computing;quality of service;resource allocation;OPEN;energy consumption;autonomous peer offloading decision making;computation peer offloading;energy-constrained mobile edge computing;small-cell networks;small-cell base stations;cloud-like computing functionalities;pervasive mobile edge computing;location-awareness;Internet of Things;spatially uneven computation workloads;workload peer offloading;energy resources;self-interested SBS owners;radio access;online SBS peer offloading framework;ultradense deployment;online peer offloading;quality of service;SBS strategic behaviors;Lyapunov technique;Games;Cloud computing;Data centers;Edge computing;Computational modeling;System performance;Mobile handsets;Edge computing;load management;energy efficiency;peer-to-peer computing}, 
	doi={10.1109/TNET.2018.2841758}, 
	ISSN={1558-2566}, 
	month={Aug.},
}

@INPROCEEDINGS{latency-EDGE19,
    author={D. {Loghin} and L. {Ramapantulu} and Y. M. {Teo}},
    title={Towards Analyzing the Performance of Hybrid Edge-Cloud Processing},
    booktitle={2019 IEEE International Conference on Edge Computing (EDGE)},
    year={2019},
    volume={},
    number={},
    pages={87-94}
}